<?xml version="1.0" encoding="UTF-8"?><collection xmlns="http://www.loc.gov/MARC21/slim"><record><leader>00379nam--2200145-i-4500</leader><controlfield tag="001">000046772</controlfield><controlfield tag="002">20161230</controlfield><controlfield tag="005">20161230201046</controlfield><controlfield tag="008">060222s1000------------r-----000-0-eng-d</controlfield><datafield ind1=" " ind2=" " tag="080"><subfield code="a">517.93</subfield></datafield><datafield ind1=" " ind2=" " tag="100"><subfield code="a">Vogel, Theodore</subfield></datafield><datafield ind1=" " ind2=" " tag="245"><subfield code="a">Theorie des systemes evolutifs</subfield></datafield><datafield ind1=" " ind2=" " tag="260"><subfield code="a">Paris, Gauthier-villars, 1965. 172 P</subfield></datafield><datafield ind1=" " ind2=" " tag="490"><subfield code="a">Traite De Ph.Theorique Et De Ph.Math</subfield></datafield><datafield ind1=" " ind2=" " tag="852"><subfield code="a">10381</subfield></datafield></record></collection>